<record><leader>02721cam a2200553 i 4500</leader><controlfield tag="001">6803101</controlfield><controlfield tag="003">OCoLC</controlfield><controlfield tag="005">20150202105755.0</controlfield><controlfield tag="008">150114t20152015nyu      b    001 0deng  </controlfield><datafield ind1=" " ind2=" " tag="010"><subfield code="a">  2014040482</subfield></datafield><datafield ind1=" " ind2=" " tag="020"><subfield code="a">9781439186961 (hardcover)</subfield></datafield><datafield ind1=" " ind2=" " tag="020"><subfield code="a">1439186960 (hardcover)</subfield></datafield><datafield ind1=" " ind2=" " tag="020"><subfield code="a">9781439186978 (trade paperback)</subfield></datafield><datafield ind1=" " ind2=" " tag="020"><subfield code="a">1439186979 (trade paperback)</subfield></datafield><datafield ind1=" " ind2=" " tag="020"><subfield code="z">9781439186985 (ebook)</subfield></datafield><datafield ind1=" " ind2=" " tag="035"><subfield code="a">ocn900332596</subfield></datafield><datafield ind1=" " ind2=" " tag="040"><subfield code="a">DLC</subfield><subfield code="b">eng</subfield><subfield code="e">rda</subfield><subfield code="c">DLC</subfield><subfield code="d">OCLCO</subfield><subfield code="d">WEA</subfield><subfield code="d">UAB</subfield><subfield code="d">AEU</subfield><subfield code="d">ACHCU</subfield></datafield><datafield ind1=" " ind2=" " tag="042"><subfield code="a">pcc</subfield></datafield><datafield ind1=" " ind2=" " tag="043"><subfield code="a">n-us---</subfield></datafield><datafield ind1="0" ind2="0" tag="050"><subfield code="a">PS1305</subfield><subfield code="b">.L48 2015</subfield></datafield><datafield ind1="0" ind2="0" tag="082"><subfield code="a">813/.4</subfield><subfield code="2">23</subfield></datafield><datafield ind1=" " ind2=" " tag="090"><subfield code="a">PS 1305 L48 2015</subfield><subfield code="b">ACHCU</subfield></datafield><datafield ind1=" " ind2=" " tag="090"><subfield code="a">PS 1305 L48 2015</subfield><subfield code="b">AEU</subfield></datafield><datafield ind1="1" ind2=" " tag="100"><subfield code="a">Levy, Andrew,</subfield><subfield code="d">1962-</subfield><subfield code="e">author.</subfield></datafield><datafield ind1="1" ind2="0" tag="245"><subfield code="a">Huck Finn's America :</subfield><subfield code="b">Mark Twain and the era that shaped his masterpiece /</subfield><subfield code="c">Andrew Levy.</subfield></datafield><datafield ind1=" " ind2=" " tag="250"><subfield code="a">First Simon &amp; Schuster hardcover edition.</subfield></datafield><datafield ind1=" " ind2="1" tag="264"><subfield code="a">New York :</subfield><subfield code="b">Simon &amp; Schuster,</subfield><subfield code="c">2015.</subfield></datafield><datafield ind1=" " ind2="4" tag="264"><subfield code="c">&#169;2015</subfield></datafield><datafield ind1=" " ind2=" " tag="300"><subfield code="a">xxiv, 342 pages ;</subfield><subfield code="c">24 cm</subfield></datafield><datafield ind1=" " ind2=" " tag="336"><subfield code="a">text</subfield><subfield code="b">txt</subfield><subfield code="2">rdacontent</subfield></datafield><datafield ind1=" " ind2=" " tag="337"><subfield code="a">unmediated</subfield><subfield code="b">n</subfield><subfield code="2">rdamedia</subfield></datafield><datafield ind1=" " ind2=" " tag="338"><subfield code="a">volume</subfield><subfield code="b">nc</subfield><subfield code="2">rdacarrier</subfield></datafield><datafield ind1=" " ind2=" " tag="504"><subfield code="a">Includes bibliographical references and index.</subfield></datafield><datafield ind1="0" ind2=" " tag="505"><subfield code="a">Part One -- A new kind of entertainment -- Shiftless, lazy, and dadblasted tired -- Strange animals, to change their clothes so often -- An appeal in behalf of extending the suffrage to boys -- Boy No. 2 -- Part Two -- The trouble begins -- Twins -- The freedman's case -- Huckleberry Capone.</subfield></datafield><datafield ind1="2" ind2=" " tag="520"><subfield code="a">"A groundbreaking and controversial re-examination of our most beloved classic, Huckleberry Finn, proving that for more than 100 years we have misunderstood Twain's message on race and childhood--and the uncomfortable truths it still holds for modern America"--Provided by publisher.</subfield></datafield><datafield ind1=" " ind2=" " tag="596"><subfield code="a">16 23 43</subfield></datafield><datafield ind1="1" ind2="0" tag="600"><subfield code="a">Twain, Mark,</subfield><subfield code="d">1835-1910.</subfield><subfield code="t">Adventures of Huckleberry Finn.</subfield></datafield><datafield ind1="1" ind2="0" tag="600"><subfield code="a">Twain, Mark,</subfield><subfield code="d">1835-1910</subfield><subfield code="x">Criticism and interpretation.</subfield></datafield><datafield ind1="1" ind2="0" tag="600"><subfield code="a">Twain, Mark,</subfield><subfield code="d">1835-1910</subfield><subfield code="x">Political and social views.</subfield></datafield><datafield ind1=" " ind2="0" tag="650"><subfield code="a">Fugitive slaves in literature.</subfield></datafield><datafield ind1=" " ind2="0" tag="650"><subfield code="a">Boys in literature.</subfield></datafield><datafield ind1=" " ind2="0" tag="650"><subfield code="a">Whites in literature.</subfield></datafield><datafield ind1=" " ind2="0" tag="650"><subfield code="a">Race relations in literature.</subfield></datafield><datafield ind1=" " ind2="0" tag="650"><subfield code="a">Literature and society</subfield><subfield code="z">United States</subfield><subfield code="x">History</subfield><subfield code="y">19th century.</subfield></datafield><datafield ind1=" " ind2="0" tag="651"><subfield code="a">United States</subfield><subfield code="x">Race relations</subfield><subfield code="x">History</subfield><subfield code="y">19th century.</subfield></datafield><datafield ind1=" " ind2=" " tag="949"><subfield code="a">PS 1305 L48 2015</subfield><subfield code="c">1</subfield><subfield code="h">UAAU-B</subfield><subfield code="i">0162035238755</subfield></datafield><datafield ind1=" " ind2=" " tag="926"><subfield code="a">PS 1305 L48 2015</subfield><subfield code="w">LC</subfield><subfield code="c">1</subfield><subfield code="i">0162034579118</subfield><subfield code="d">3/10/2015</subfield><subfield code="e">2/25/2015</subfield><subfield code="l">ON_SHELF</subfield><subfield code="m">UAAUG</subfield><subfield code="n">2</subfield><subfield code="p">$150.00</subfield><subfield code="r">Y</subfield><subfield code="s">Y</subfield><subfield code="t">BOOK</subfield><subfield code="u">2/11/2015</subfield></datafield><datafield ind1=" " ind2=" " tag="926"><subfield code="a">PS 1305 L48 2015</subfield><subfield code="w">LC</subfield><subfield code="c">1</subfield><subfield code="i">0162035246717</subfield><subfield code="l">ON_SHELF</subfield><subfield code="m">UAHSS</subfield><subfield code="p">$150.00</subfield><subfield code="r">Y</subfield><subfield code="s">Y</subfield><subfield code="t">BOOK</subfield><subfield code="u">3/4/2015</subfield></datafield><datafield ind1=" " ind2=" " tag="926"><subfield code="a">PS 1305 L48 2015</subfield><subfield code="w">LC</subfield><subfield code="c">1</subfield><subfield code="i">32860001074649</subfield><subfield code="l">ON_SHELF</subfield><subfield code="m">BURMAN</subfield><subfield code="r">Y</subfield><subfield code="s">Y</subfield><subfield code="t">BOOK</subfield><subfield code="u">11/3/2015</subfield></datafield></record>